@article{einstein,
    author =       "Albert Einstein",
    title =        "{Zur Elektrodynamik bewegter K{\"o}rper}. ({German})
        [{On} the electrodynamics of moving bodies]",
    journal =      "Annalen der Physik",
    volume =       "322",
    number =       "10",
    pages =        "891--921",
    year =         "1905",
    DOI =          "http://dx.doi.org/10.1002/andp.19053221004"
}
 
@book{newman,
    author    = "Sam Newman",
    title     = "Building Microservices",
    year      = "2015",
    publisher = "O'Reilly and Associates",
}

@book{cohn,
    author    = "Mike Cohn",
    title     = "Succeeding with Agile: Software Development Using Scrum",
    year      = "2009",
    publisher = "Addison Wesley",
}
 
@misc{infosys,
    author    = "Arvind Sundar",
    title     = "An Insight into Microservices Testing Strategies",
    year      = "2016",
    url       = "https://www.infosys.com/it-services/validation-solutions/white-papers/documents/microservices-testing-strategies.pdf"
}

@misc{clemson,
    author    = "Toby Clemson",
    title     = "Testing Strategies in a Microservice Architecture",
    year      = "2014",
    url       = "http://martinfowler.com/articles/microservice-testing"
}

@misc{fowler_cont_del,
    author    = "Martin Fowler",
    title     = "ContinuousDelivery",
    year      = "2014",
    url       = "http://martinfowler.com/bliki/ContinuousDelivery.html"
}

@misc{naik,
    author    = "Vishal Naik",
    title     = "Architecting for Continuous Delivery",
    year      = "2016",
    url       = "https://www.thoughtworks.com/insights/blog/architecting-continuous-delivery"
}

@misc{drake,
    author    = "David Drake",
    title     = "Tiered Testing of Microservices",
    year      = "2016",
    url       = "https://www.dev9.com/article/2015/5/zgotxg9hajgch1mg0d2hgbfgsf46ho"
}

@misc{fowler_mic_test,
    author    = "Martin Fowler",
    title     = "Microservice Testing",
    year      = "2014",
    url       = "http://martinfowler.com/bliki/Microservice-Testing.html"
}